<?xml version="1.0" encoding="UTF-8"?><collection xmlns="http://www.loc.gov/MARC21/slim"><record><leader>00520nam--2200181-i-4500</leader><controlfield tag="001">000012963</controlfield><controlfield tag="002">20161230</controlfield><controlfield tag="005">20170109000157</controlfield><controlfield tag="008">060222s1000------------r-----000-0-eng-d</controlfield><datafield ind1=" " ind2=" " tag="040"><subfield code="a">IFIN-HH</subfield></datafield><datafield ind1=" " ind2=" " tag="080"><subfield code="a">519.283:531.19</subfield></datafield><datafield ind1="1" ind2=" " tag="100"><subfield code="a">Binder, K</subfield></datafield><datafield ind1="1" ind2="0" tag="245"><subfield code="a">Monte carlo methods in statistical physics. Topics in current physics, 7</subfield><subfield code="c">K. Binder (ed.)</subfield></datafield><datafield ind1=" " ind2=" " tag="260"><subfield code="a">Berlin</subfield><subfield code="b">Springer-Verlag</subfield><subfield code="c">1979</subfield></datafield><datafield ind1=" " ind2=" " tag="300"><subfield code="a">XIII + 376 p</subfield></datafield><datafield ind1=" " ind2=" " tag="490"><subfield code="a">Topics In Current Physics, 7</subfield></datafield><datafield ind1=" " ind2=" " tag="852"><subfield code="a">45849</subfield><subfield code="c">53</subfield></datafield><datafield ind1=" " ind2=" " tag="CAT"><subfield code="a">SYS</subfield><subfield code="c">20170109</subfield><subfield code="h">000157</subfield></datafield></record></collection>